@INPROCEEDINGS{883030, 
author={Godfrey, M.W. and Qiang Tu}, 
booktitle={Software Maintenance, 2000. Proceedings. International Conference on}, 
title={Evolution in open source software: a case study}, 
year={2000}, 
month={}, 
pages={131-142}, 
keywords={Unix;operating system kernels;software maintenance;software prototyping;Linux operating system kernel;case study;commercially developed systems;development model;evolutionary narratives;large software systems;open source software;software evolution;Software prototyping}, 
doi={10.1109/ICSM.2000.883030}, 
ISSN={1063-6773},}

@INPROCEEDINGS{637156, 
	author={Lehman, M.M. and Ramil, J.F. and Wernick, P.D. and Perry, D.E. and Turski, W.M.}, 
	booktitle={Software Metrics Symposium, 1997. Proceedings., Fourth International}, 
	title={Metrics and laws of software evolution-the nineties view}, 
	year={1997}, 
	month={Nov}, 
	pages={20-32}, 
	keywords={feedback;financial data processing;software maintenance;software metrics;transaction processing;E-type software development;FEAST/1 project;FW financial transaction system;Lehman's laws;Logica Fastwire;OS/360;feedback;multi-input, multi-output system;software evolution;software metrics;software process dynamics;software process improvement;software process modelling;software technology;Chaos;Data analysis;Dynamic programming;Educational institutions;Genetic programming;Informatics;Negative feedback;Project management;Uniform resource locators;World Wide Web}, 
	doi={10.1109/METRIC.1997.637156},}



@article{Richards:2010:ADB:1809028.1806598,
	author = {Richards, Gregor and Lebresne, Sylvain and Burg, Brian and Vitek, Jan},
	title = {An Analysis of the Dynamic Behavior of JavaScript Programs},
	journal = {SIGPLAN Not.},
	issue_date = {June 2010},
	volume = {45},
	number = {6},
	month = jun,
	year = {2010},
	issn = {0362-1340},
	pages = {1--12},
	numpages = {12},
	url = {http://doi.acm.org/10.1145/1809028.1806598},
	doi = {10.1145/1809028.1806598},
	acmid = {1806598},
	publisher = {ACM},
	address = {New York, NY, USA},
	keywords = {dynamic behavior, dynamic metrics, execution tracing, javascript, program analysis},
} 

@INPROCEEDINGS{6320536, 
	author={Gama, W. and Alalfi, M.H. and Cordy, J.R. and Dean, T.R.}, 
	booktitle={Web Systems Evolution (WSE), 2012 14th IEEE International Symposium on}, 
	title={Normalizing object-oriented class styles in JavaScript}, 
	year={2012}, 
	month={Sept}, 
	pages={79-83}, 
	keywords={Java;object-oriented programming;reverse engineering;software maintenance;JavaScript;Web developer;functional programming style;imperative programming style;multiparadigm programming language;object-oriented class style;object-oriented programming style;program comprehension;program maintenance;Encapsulation;Java;Maintenance engineering;Pattern recognition;Prototypes;Syntactics;Transforms}, 
	doi={10.1109/WSE.2012.6320536}, 
	ISSN={2160-6153},}
